<record><leader>00000cas a22000007a 4500</leader><controlfield tag="001">12047038</controlfield><controlfield tag="008">850517d187u1895aluwr ne      0    0eng d</controlfield><datafield ind1=" " ind2=" " tag="010"><subfield code="a">sn 86050048 </subfield></datafield><datafield ind1=" " ind2=" " tag="040"><subfield code="a">AAA</subfield><subfield code="b">eng</subfield><subfield code="c">AAA</subfield><subfield code="d">CPN</subfield><subfield code="d">OCLCQ</subfield></datafield><datafield ind1=" " ind2=" " tag="042"><subfield code="a">msc</subfield></datafield><datafield ind1="0" ind2=" " tag="130"><subfield code="a">Alabama tribune (Cullman, Ala.)</subfield></datafield><datafield ind1="1" ind2="0" tag="245"><subfield code="a">Alabama tribune.</subfield></datafield><datafield ind1="1" ind2="7" tag="246"><subfield code="a">Cullman tribune</subfield></datafield><datafield ind1=" " ind2=" " tag="260"><subfield code="a">Cullman, Ala. :</subfield><subfield code="b">R. &amp; J. Damus</subfield></datafield><datafield ind1=" " ind2=" " tag="300"><subfield code="a">v. :</subfield><subfield code="b">ill. ;</subfield><subfield code="c">60-61 cm.</subfield></datafield><datafield ind1=" " ind2=" " tag="310"><subfield code="a">Weekly</subfield></datafield><datafield ind1="0" ind2=" " tag="362"><subfield code="a">-v. 20, no. 37 (Dec. 19, 1895) = whole no. 1077.</subfield></datafield><datafield ind1=" " ind2=" " tag="588"><subfield code="a">Description based on: Vol. 5, no. 11 (Mar. 13, 1879).</subfield></datafield><datafield ind1=" " ind2=" " tag="752"><subfield code="a">United States</subfield><subfield code="b">Alabama</subfield><subfield code="c">Cullman</subfield><subfield code="d">Cullman.</subfield></datafield><datafield ind1="0" ind2="0" tag="785"><subfield code="t">Cullman tribune</subfield><subfield code="w">(DLC)sn 83002304</subfield></datafield><datafield ind1="1" ind2=" " tag="029"><subfield code="a">AU@</subfield><subfield code="b">000025837840</subfield></datafield></record>